
%% IEEEexample.bib 
%% V1.10 
%% 2002/09/27
%% Copyright (c) 2002 by Michael Shell
%% mshell(at)ece.gatech.edu
%% See support website below for current contact information.
%% 
%% NOTE: This text file uses MS Windows line feed conventions. When (human)
%% reading this file on other platforms, you may have to use a text
%% editor that can handle lines terminated by the MS Windows line feed
%% characters (0x0D 0x0A).
%% 
%% This is an example BibTeX database for the official IEEEtran.bst
%% BibTeX style file.
%% 
%% Some entries call strings that are defined in the IEEEabrv.bib file.
%% Therefore, IEEEabrv.bib should be loaded prior to this file. 
%% Usage: 
%% 
%% \bibliographystyle{./IEEEtran} % use IEEEtran.bst style
%% \bibliography{./IEEEabrv,./IEEEexample}
%% 
%% 
%% Support sites:
%% http://www.ctan.org/tex-archive/macros/latex/contrib/supported/IEEEtran/ 
%% and/or
%% http://www.ieee.org
%%**********************************************************************
%% Legal Notice:
%% This code is offered as-is without any warranty either expressed or
%% implied; without even the implied warranty of MERCHANTABILITY or
%% FITNESS FOR A PARTICULAR PURPOSE!
%% User assumes all risk.
%% In no event shall IEEE or any contributor to this code be liable for
%% any damages or losses, including, but not limited to, incidental,
%% consequential, or any other damages, resulting from the use or misuse
%% of any information contained here.
%%
%% This code is distributed under the Perl Artistic License 
%% ( http://language.perl.com/misc/Artistic.html ) 
%% and may be freely used, distributed and modified - subject to the
%% constraints therein.
%% Retain all contribution notices, credits and disclaimers.
%% 
%% All comments are the opinions of their respective authors and are not
%% necessarily endorsed by the IEEE.
%%**********************************************************************


% Note that, because the example references were taken from actual IEEE
% publications, these examples do not always contain the full amount
% of information that may be desirable (for use with other BibTeX styles).
% In particular, full names (not abbreviated with initials) should be
% entered whenever possible as some (non-IEEE) bibliography styles use
% full names. IEEEtran.bst will automatically abbreviate when it
% encounters full names.
 
% references for the IEEEtran.bst documentation
% the distribution site for IEEEtran.bst
@article{schweighofer2006robust,
  title={Robust pose estimation from a planar target},
  author={Schweighofer, Gerald and Pinz, Axel},
  journal={IEEE transactions on pattern analysis and machine intelligence},
  volume={28},
  number={12},
  pages={2024--2030},
  year={2006},
  publisher={IEEE}
};

% the IEEE website
% sort key is needed for sorting styles
@inproceedings{tanaka2014solution,
  title={A solution to pose ambiguity of visual markers using moire patterns},
  author={Tanaka, Hideyuki and Sumi, Yasushi and Matsumoto, Yoshio},
  booktitle={Intelligent Robots and Systems (IROS 2014), 2014 IEEE/RSJ International Conference on},
  pages={3129--3134},
  year={2014},
  organization={IEEE}
};

@INPROCEEDINGS{8206468, 
author={P. Jin and P. Matikainen and S. S. Srinivasa}, 
booktitle={2017 IEEE/RSJ International Conference on Intelligent Robots and Systems (IROS)}, 
title={Sensor fusion for fiducial tags: Highly robust pose estimation from single frame RGBD}, 
year={2017}, 
volume={}, 
number={}, 
pages={5770-5776}, 
keywords={augmented reality;computer vision;image colour analysis;image sensors;mobile robots;pose estimation;sensor fusion;Highly robust pose estimation;RGB image space;augmented reality;computer-vision purposes;depth sensors;fiducial marker systems;fiducial systems;fiducial tags;low false positive rate characteristics;planar fiducial-marker systems;robotic applications;robotic tasks;robots;sensor fusion;sensory noise;Cameras;Lighting;Noise measurement;Pose estimation;Robot sensing systems;Robustness}, 
doi={10.1109/IROS.2017.8206468}, 
ISSN={}, 
month={Sept},};

@inproceedings{neunert2016open,
  title={An open source, fiducial based, visual-inertial motion capture system},
  author={Neunert, Michael and Bloesch, Michael and Buchli, Jonas},
  booktitle={Information Fusion (FUSION), 2016 19th International Conference on},
  pages={1523--1530},
  year={2016},
  organization={IEEE}
};

@inproceedings{nyqvist2015pose,
  title={Pose estimation using monocular vision and inertial sensors aided with ultra wide band},
  author={Nyqvist, Hanna E and Skoglund, Martin A and Hendeby, Gustaf and Gustafsson, Fredrik},
  booktitle={Indoor Positioning and Indoor Navigation (IPIN), 2015 International Conference on},
  pages={1--10},
  year={2015},
  organization={IEEE}
};

@article{ippe,
year={2014}, 
issn={0920-5691}, 
journal={International Journal of Computer Vision}, 
volume={109}, 
number={3}, 
doi={10.1007/s11263-014-0725-5}, 
title={Infinitesimal Plane-Based Pose Estimation}, 
url={http://dx.doi.org/10.1007/s11263-014-0725-5}, 
publisher={Springer US}, 
keywords={Plane; Pose; SfM; PnP; Homography}, 
author={Collins, Toby and Bartoli, Adrien}, pages={252-286}, language={English} 
};

@article{sanchez2017visual,
  title={Visual Marker based Multi-Sensor Fusion State Estimation},
  author={Sanchez-Lopez, Jose Luis and Arellano-Quintana, Victor and Tognon, Marco and Campoy, Pascual and Franchi, Antonio},
  journal={IFAC-PapersOnLine},
  volume={50},
  number={1},
  pages={16003--16008},
  year={2017},
  publisher={Elsevier}
};

@article{munoz2018mapping,
  title={Mapping and localization from planar markers},
  author={Mu{\~n}oz-Salinas, Rafael and Mar{\'\i}n-Jimenez, Manuel J and Yeguas-Bolivar, Enrique and Medina-Carnicer, Rafael},
  journal={Pattern Recognition},
  volume={73},
  pages={158--171},
  year={2018},
  publisher={Elsevier}
};

@article{barfoot2014associating,
  title={Associating uncertainty with three-dimensional poses for use in estimation problems},
  author={Barfoot, Timothy D and Furgale, Paul T},
  journal={IEEE Transactions on Robotics},
  volume={30},
  number={3},
  pages={679--693},
  year={2014},
  publisher={IEEE}
};

@inproceedings{ichnowski2015fast,
  title={Fast nearest neighbor search in SE (3) for sampling-based motion planning},
  author={Ichnowski, Jeffrey and Alterovitz, Ron},
  booktitle={11th International Workshop on the Algorithmic Foundations of Robotics, WAFR 2014},
  year={2015},
  organization={Springer Verlag}
};

@inproceedings{collins2014using,
  title={Using isometry to classify correct/incorrect 3D-2D correspondences},
  author={Collins, Toby and Bartoli, Adrien},
  booktitle={European Conference on Computer Vision},
  pages={325--340},
  year={2014},
  organization={Springer}
};

@inproceedings{kato1999marker,
  title={Marker tracking and hmd calibration for a video-based augmented reality conferencing system},
  author={Kato, Hirokazu and Billinghurst, Mark},
  booktitle={Augmented Reality, 1999.(IWAR'99) Proceedings. 2nd IEEE and ACM International Workshop on},
  pages={85--94},
  year={1999},
  organization={IEEE}
};

@article{leutenegger2015keyframe,
  title={Keyframe-based visual--inertial odometry using nonlinear optimization},
  author={Leutenegger, Stefan and Lynen, Simon and Bosse, Michael and Siegwart, Roland and Furgale, Paul},
  journal={The International Journal of Robotics Research},
  volume={34},
  number={3},
  pages={314--334},
  year={2015},
  publisher={SAGE Publications Sage UK: London, England}
};

@inproceedings{olson2011apriltag,
  title={AprilTag: A robust and flexible visual fiducial system},
  author={Olson, Edwin},
  booktitle={Robotics and Automation (ICRA), 2011 IEEE International Conference on},
  pages={3400--3407},
  year={2011},
  organization={IEEE}
};

@article{garrido2014automatic,
  title={Automatic generation and detection of highly reliable fiducial markers under occlusion},
  author={Garrido-Jurado, Sergio and Mu{\~n}oz-Salinas, Rafael and Madrid-Cuevas, Francisco Jos{\'e} and Mar{\'\i}n-Jim{\'e}nez, Manuel Jes{\'u}s},
  journal={Pattern Recognition},
  volume={47},
  number={6},
  pages={2280--2292},
  year={2014},
  publisher={Elsevier}
};

@article{li2013high,
  title={High-precision, consistent EKF-based visual-inertial odometry},
  author={Li, Mingyang and Mourikis, Anastasios I},
  journal={The International Journal of Robotics Research},
  volume={32},
  number={6},
  pages={690--711},
  year={2013},
  publisher={SAGE Publications Sage UK: London, England}
};

@article{mur2015orb,
  title={ORB-SLAM: a versatile and accurate monocular SLAM system},
  author={Mur-Artal, Raul and Montiel, Jose Maria Martinez and Tardos, Juan D},
  journal={IEEE Transactions on Robotics},
  volume={31},
  number={5},
  pages={1147--1163},
  year={2015},
  publisher={IEEE}
};

@article{engel2017direct,
  title={Direct sparse odometry},
  author={Engel, Jakob and Koltun, Vladlen and Cremers, Daniel},
  journal={IEEE transactions on pattern analysis and machine intelligence},
  year={2017},
  publisher={IEEE}
};

@inproceedings{engel2014lsd,
  title={LSD-SLAM: Large-scale direct monocular SLAM},
  author={Engel, Jakob and Sch{\"o}ps, Thomas and Cremers, Daniel},
  booktitle={European Conference on Computer Vision},
  pages={834--849},
  year={2014},
  organization={Springer}
};

@inproceedings{uchiyama2011random,
  title={Random dot markers},
  author={Uchiyama, Hideaki and Saito, Hideo},
  booktitle={Virtual Reality Conference (VR), 2011 IEEE},
  pages={35--38},
  year={2011},
  organization={IEEE}
};

@misc{rosfiducial,
  title={Fiducial Slam},
  author={ROS},
  howpublished="\url{http://wiki.ros.org/fiducial_slam}"
};

@misc{aurcodetector,
  title={OpenCV ArUco Detector},
  author={},
  howpublished="\url{https://docs.opencv.org/3.1.0/d5/dae/tutorial_aruco_detection.html}"
};

@article{li2012robust, 
title={A Robust O (n) Solution to the Perspective-n-Point Problem}, 
author={Li, S. and Xu, C. and Xie, M.}, 
journal={Pattern Analysis and Machine Intelligence, IEEE Transactions on},
volume={34},
number={7},
pages={1444--1450},
year={2012}
};

@article{suzuki1985topological,
  title={Topological structural analysis of digitized binary images by border following},
  author={Suzuki, Satoshi and others},
  journal={Computer vision, graphics, and image processing},
  volume={30},
  number={1},
  pages={32--46},
  year={1985},
  publisher={Elsevier}
};

@inproceedings{forster2015imu,
  title={IMU preintegration on manifold for efficient visual-inertial maximum-a-posteriori estimation},
  author={Forster, Christian and Carlone, Luca and Dellaert, Frank and Scaramuzza, Davide},
  year={2015},
  organization={Georgia Institute of Technology}
};

@article{hauberg2013unscented,
  title={Unscented Kalman filtering on Riemannian manifolds},
  author={Hauberg, S{\o}ren and Lauze, Fran{\c{c}}ois and Pedersen, Kim Steenstrup},
  journal={Journal of mathematical imaging and vision},
  volume={46},
  number={1},
  pages={103--120},
  year={2013},
  publisher={Springer}
};

@inproceedings{bourmaud2013discrete,
  title={Discrete extended Kalman filter on Lie groups},
  author={Bourmaud, Guillaume and M{\'e}gret, R{\'e}mi and Giremus, Audrey and Berthoumieu, Yannick},
  booktitle={Signal Processing Conference (EUSIPCO), 2013 Proceedings of the 21st European},
  pages={1--5},
  year={2013},
  organization={IEEE}
};

@article{park1994robot,
  title={Robot sensor calibration: solving AX= XB on the Euclidean group},
  author={Park, Frank C and Martin, Bryan J},
  journal={IEEE Transactions on Robotics and Automation},
  volume={10},
  number={5},
  pages={717--721},
  year={1994},
  publisher={IEEE}
};

@article{madsen1999methods,
  title={Methods for non-linear least squares problems},
  author={Madsen, Kaj and Nielsen, Hans Bruun and Tingleff, Ole},
  year={1999}
};
 
% An example of a IEEEtran control entry which can change some IEEEtran.bst
% settings. An entry like this must be cited via \bstctlcite{} command
% before the first real \cite{}. The same entry key cannot be called twice
% (just like multiple \cite{} of the same entry key place only one entry
% in the bibliography.)
% The available control fields are:
% 
% CTLuse_article_number
% "no" turns off the display of the number for articles.
% "yes" enables
%
% CTLuse_paper
% "no" turns off the display of the paper and type fields in inproceedings.
% "yes" enables
% 
% CTLuse_forced_etal 
% "no" turns off the forced use of "et al."
% "yes" enables
% 
% CTLmax_names_forced_etal
% The maximum number of names that can be present beyond which an "et al."
% usage is forced. Be sure that CTLnames_show_etal (below)
% is not greater than this value!
% 
% CTLnames_show_etal
% The number of names that will be shown with a forced "et al.".
% Must be less than or equal to CTLmax_names_forced_etal
% 
% CTLuse_alt_spacing 
% "no" turns off the alternate interword spacing for entries with URLs.
% "yes" enables
% 
% CTLalt_stretch_factor
% If alternate interword spacing for entries with URLs is enabled, this is
% the interword spacing stretch factor that will be used. For example, the
% default "4" here means that the interword spacing in entries with URLs can
% stretch to four times normal. Does not have to be an integer.
% 
% CTLdash_repeated_names
% "no" turns off the "dashification" of repeated (i.e., identical to those
% of the previous entry) names. IEEE normally does this.
% "yes" enables
% 
% CTLname_format_string
% The name format control string as explained in the BibTeX style hacking
% guide.
% IEEE style "{f.~}{vv~}{ll}{, jj}" is the default,
% 
% CTL_name_latex_cmd
% A LaTeX command that each name will be fed to (e.g., "\textsc").
% Leave empty if no special font is desired for the names.
% The default is empty.
% 
% Those fields that are not to be changed can be left out or empty.
@IEEEtranBSTCTL{IEEEexample:BSTcontrol,
  CTLuse_article_number     = "yes",
  CTLuse_paper              = "yes",
  CTLuse_forced_etal        = "no",
  CTLmax_names_forced_etal  = "10",
  CTLnames_show_etal        = "1",
  CTLuse_alt_spacing        = "yes",
  CTLalt_stretch_factor     = "4",
  CTLdash_repeated_names    = "yes",
  CTLname_format_string     = "{f.~}{vv~}{ll}{, jj}",
  CTLname_latex_cmd         = ""
};



